#entries should have at least author,  title, year, and publication venue (journal, conference); if only published online,  use url instead of venue

@misc{gray2018producing,
  title={Producing Correct Citations in IEEE Style using Biber and BibLaTeX},
  author={Gray, Cameron C},
  year={2018},
  howpublished={\url{https://research.academicanalytical.com/jspui/bitstream/1471/3/4/Producing\_Correct\_Citations\_in\_IEEE\_Style\_using\_Biber\_and\_BibLaTeX\_1.2.pdf}}
}

@article{brosius1995instructions,
  title={Instructions for using bibtex with latex documents},
  author={Brosius, Dorothea Frances},
  journal={Rep. Prog. Phys},
  volume={58},
  year={1995},
  publisher={Citeseer}
}

